@article{brame2016effective,
	title={Effective educational videos: Principles and guidelines for maximizing student learning from video content},
	author={Brame, Cynthia J},
	journal={CBEâ€”Life Sciences Education},
	volume={15},
	number={4},
	pages={es6},
	year={2016},
	publisher={Am Soc Cell Biol}
}
@inproceedings{guo2014video,
	title={How video production affects student engagement: An empirical study of MOOC videos},
	author={Guo, Philip J and Kim, Juho and Rubin, Rob},
	booktitle={Proceedings of the first ACM conference on Learning@ scale conference},
	year={2014}
}
@atricle{netflix, 
	title={Video thumbnail previews on Netflix}, 
	description={Stream movies, and TV shows},
	url={http://www.netflix.com/}, 
	journal={Netflix}
} 
@misc{youtube, 
	title={YouTube}, 
	url={http://www.youtube.com/}, 
	journal={Youtube}
} 
